@article{smcmtutorial,
   AUTHOR = "Sarita V. Adve and Kourosh Gharachorloo",
   TITLE ="Shared Memory Consistency Models",
   JOURNAL = "Digital Equipment Corporation",
   SCHOOL = "Rice University",
   YEAR = "1996",
   MONTH = "December"
}


@article{modelsforgpu,
   AUTHOR = "Tyler Sorensen",
   TITLE = "Towards Shared Memory Consistency Models For GPUs",
   JOURNAL = "The University of Utah, Digital Equipment Corporation",
   SCHOOL = "The University of Utah",
   YEAR = "2013",
   MONTH = "March"
}

@article{mcm,
   AUTHOR = "Akshay Sharma and Deepak Basora and Ankur Sharma",
   TITLE = "Memory Consistency Models",
   SCHOOL = "Dronacharya College of Engineering",
   JOURNAL = "Dronacharya College of Engineering, International Journal of Enhanced Research in Management and Computer Applications",
   YEAR = "2013",
   MONTH = "September"
}

@article{mcm2,
   AUTHOR = "Jonas Skeppstedt",
   TITLE = "Memory Consistency Models",
   JOURNAL = "Dronacharya College of Engineering",
   YEAR = "2017",
   ADDRESS = "jonasskeppstedt.net"
}

@article{mcm3,
   AUTHOR = "Kourosh Gharachorloo",
   TITLE = "Memory Consistency Models for Shared-Memory Multiprocessors",
   SCHOOL = "Stanford University",
   JOURNAL = "Stanford University, Departments of Electrical Engineering and Computer Science",
   YEAR = "1995",
   MONTH = "December"
}

@article{acmcm,
   AUTHOR = "John Wickerson and Mark Batty and Tyler Sorensen and George A. Constantinides",
   TITLE = "Automatically Comparing Memory Consistency Models",
   JOURNAL = "Imperial College London, University of Kent ",
   YEAR = "2016",
   MONTH = "November"
}

@article{optimizingmapreduce,
   AUTHOR = "Linchuan Chen and Gagan Agrawal",
   TITLE = "Optimizing MapReduce for GPUs with Effective Shared Memory Usage",
   SCHOOL = "The Ohio State University ",
   JOURNAL = "The Ohio State University , Department of Computer Science and Engineering",
   YEAR = "2012",
   MONTH = "June"
}

@article{eesmog,
   AUTHOR = "Abhayendra Singh and Shaizeen Aga and Satish Narayanasamy",
   TITLE = "Efficiently Enforcing Strong Memory Ordering in GPUs",
   SCHOOL = "University of Michigan",
   JOURNAL = "University of Michigan, Department of Computer Science and Engineering",
   YEAR = "2012",
   MONTH = "June"
}


@article{unified,
   AUTHOR = "ROBERT C. STEINKE AND GARY J. NUTT",
   TITLE = "A Unified Theory of Shared Memory Consistency",
   SCHOOL = "University of Colorado at Boulder",
   JOURNAL = "University of Colorado at Boulder, Department of Computer Science and Engineering",
   YEAR = "2004",
   MONTH = "September"
}

@article{designingmcm,
   AUTHOR = "Sarita V. Adve",
   TITLE = "Designing Memory Consistency Models For Shared-Memory Multiprocessors",
   JOURNAL = "University of Wisconsin-Madison",
   YEAR = "1993",
   MONTH = "Dezember"
}

@article{cmc4,
   AUTHOR = "Radhika Gogia and Preeti Chhabra and Rupa Kumari",
   TITLE = "CONSISTENCY MODELS IN DISTRIBUTED SHARED MEMORY SYSTEMS",
   JOURNAL = "Dronacharya College Of Engineering",
   YEAR = "2014",
   MONTH = "September"
}

@article{gpuhp,
   AUTHOR = "Volodymyr V. Kindratenko and Jeremy J. Enos and Guochun Shi and Michael T. Showerman and Galen W. Arnold and John E. Stone and James C. Phillips and Wen-mei Hwu",
   TITLE = "GPU Clusters for High-Performance Computing",
   JOURNAL = "University of Illinois",
   YEAR = "2009"
}

@article{gpuhp2,
   AUTHOR = "Kenneth S. Lee",
   TITLE = "Characterization and Exploitation of GPU Memory Systems",
   JOURNAL = "Virginia Polytechnic Institute and State University",
   YEAR = "2009"
}



@article{mcm5,
   AUTHOR = "David Mosberger",
   TITLE = "Memory Consistency Models",
   JOURNAL = "Department of Computer Science - The University of Arizona"
}

@article{msssm,
   AUTHOR = "Mark D. Hill",
   TITLE = "Multiprocessors Should Support Simple Memory-Consistency Models",
   JOURNAL = "University of Wisconsin, Madison",
   YEAR = "1998"
}

@article{ocofwmcm,
   AUTHOR = "Maximilian Senftleben",
   TITLE = "Operational Characterization of Weak Memory Consistency Models",
   JOURNAL = "Department of Computer Science - University of Kaiserslautern",
   YEAR = "2013"
}

@article{gcc,
   AUTHOR = "Dennis Sebastian Rieber",
   TITLE = "GPU Concurrency and Consistency",
   JOURNAL = "Universitaet Heidelberg",
   YEAR = "2016"
}

@article{spk,
   AUTHOR = "Bastian Ramm",
   TITLE = "Speicherkonsistenz",
   YEAR = "2002"
}

@article{exploit,
   AUTHOR = "Byunghyun Jang and Perhaad Mistry and Dana Schaa and  David Kaeli",
   TITLE = "Exploiting Memory Access Patterns to Improve Memory Performance in Data-Parallel Architectures",
   YEAR = "2011"
}

@article{exploit,
   AUTHOR = "Wu-chun Feng and Shucai Xiao",
   TITLE = "To GPU Synchronize or Not GPU Synchronize?",
   JOURNAL = "Virginia Tech ",
   YEAR = "2011"
}


























