@techreport{gpucc,
   AUTHOR = "Dennis Sebastian Rieber",
   TITLE = "GPU Concurrency and Consistency",
   INSTITUTION = "Universitaet Heidelberg",
   YEAR = "2016"
}


@article{smcmtutorial,
   AUTHOR = "Sarita V. Adve and Kourosh Gharachorloo",
   TITLE ="Shared Memory Consistency Models - A Tutorial",
   JOURNAL = "Western Research Laboratory",
   YEAR = "1996"
}

@MISC{exploit,
   AUTHOR = "Byunghyun Jang and Perhaad Mistry and Dana Schaa and  David Kaeli",
   TITLE = "Exploiting Memory Access Patterns to Improve Memory Performance in Data-Parallel Architectures",
   YEAR = "2011"
}


@techreport{syncornot,
   AUTHOR = "Wu-chun Feng and Shucai Xiao",
   TITLE = "To GPU Synchronize or Not GPU Synchronize?",
   JOURNAL = "Virginia Tech ",
   YEAR = "2011"
}



@techreport{mcm5,
   AUTHOR = "David Mosberger",
   TITLE = "Memory Consistency Models",
   INSTITUTION = "Department of Computer Science - The University of Arizona",
   YEAR ="1993"
}

@article{litmus,
AUTHOR = "Sela Mador-Haim and Rajeev Alur and Milo Martin",
   TITLE ="Litmus tests for comparing memory consistency models: how long do they need to be?",
   JOURNAL = "DAC'11 Proceedings of the 48th Design Automation Conference ",
   YEAR = "2011"
}

@techreport{fences,
  AUTHOR = {Jade Alglave and Luc Maranget and Susmit Sarkar and Peter Sewell},
  TITLE = {Fences In Weak Memory Models},
  INSTITUTION ={INRIA University of Cambridge},
  YEAR = {2010}
}
%%%%%%%%%%


@techreport{mcm3,
   AUTHOR = "Kourosh Gharachorloo",
   TITLE = "Memory Consistency Models for Shared-Memory Multiprocessors",
   INSTITUTION = "Stanford University, Departments of Electrical Engineering and Computer Science",
   YEAR = "1995"
}

%%%

@article{mcm,
   AUTHOR = "Akshay Sharma and Deepak Basora and Ankur Sharma",
   TITLE = "Memory Consistency Models",
   INSTITUTION = "Dronacharya College of Engineering, International Journal of Enhanced Research in Management and Computer Applications",
   YEAR = "2013"
}
%%

@article{eesmog,
   AUTHOR = "Abhayendra Singh and Shaizeen Aga and Satish Narayanasamy",
   TITLE = "Efficiently Enforcing Strong Memory Ordering in GPUs",
   INSTITUTION = "University of Michigan, Department of Computer Science and Engineering",
   YEAR = "2012"
}

%%%

@MASTERSTHESIS{gpuhp2,
   AUTHOR = "Kenneth S. Lee",
   TITLE = "Characterization and Exploitation of GPU Memory Systems",
   SCHOOL = "Virginia Polytechnic Institute and State University",
   YEAR = "2009"
}


@misc{theorymm,
  author = {Vijay A. Saraswat and Radha Jagadeesan and Maged Michael and Christoph von Praun},
  title = {A Theory Of Memory Models},
  year = {2011}
}



@techreport{unified,
   AUTHOR = "Robert C. Steinke and Gary J. Nutt",
   TITLE = "A Unified Theory of Shared Memory Consistency",
   INSTITUTION = "University of Colorado at Boulder, Department of Computer Science and Engineering",
   YEAR = "2004"
}




@techreport{gpuhp,
   AUTHOR = "Volodymyr V. Kindratenko and Jeremy J. Enos and Guochun Shi and Michael T. Showerman and Galen W. Arnold and John E. Stone and James C. Phillips and Wen-mei Hwu",
   TITLE = "GPU Clusters for High-Performance Computing",
   INSTITUTION = "University of Illinois",
   YEAR = "2009"
}


@techreport{designingmcm,
   AUTHOR = "Sarita V. Adve",
   TITLE = "Designing Memory Consistency Models For Shared-Memory Multiprocessors",
   INSTITUTION = "University of Wisconsin-Madison",
   YEAR = "1993"
}
%not


@techreport{ocofwmcm,
   AUTHOR = "Maximilian Senftleben",
   TITLE = "Operational Characterization of Weak Memory Consistency Models",
   INSTITUTION = "Department of Computer Science - University of Kaiserslautern",
   YEAR = "2013"
}
%%%

@techreport{cmc4,
   AUTHOR = "Radhika Gogia and Preeti Chhabra and Rupa Kumari",
   TITLE = "Consistency Models in Distributed Shared Memory Systems",
   INSTITUTION = "Dronacharya College Of Engineering",
   YEAR = "2014"
}



@article{primer,
  author = {D.J. Sorin and M.D. Hill and D.A. Wood},
  title = {A Primer on Memory Consistency and Cache coherence},
  journal ={Synthesis Lectures on Computer Architecture},
  year = {2011},
  publisher = {Morgan & Claypool Publishers}
}
%%NOT2


@techreport{msssm,
   AUTHOR = "Mark D. Hill",
   TITLE = "Multiprocessors Should Support Simple Memory-Consistency Models",
   INSTITUTION = "University of Wisconsin, Madison",
   YEAR = "1998"
}


@techreport{pram,
   AUTHOR = "R. J. Lipton and J.S. Sandberg",
   TITLE = "PRAM: A Scalable Shared Memory",
   INSTITUTION = "Princeton University, Department of Computer Science",
   YEAR = "1988"
}

@book{cudabe,
   AUTHOR = "Jason Sanders and Edward Kandrot",
   TITLE = "CUDA by Example: An Introduction to General-Purpose GPU Programming",
   PUBLISHER = "Addison-Wesley Professional",
   YEAR = "2010",
   NOTE ="ISBN:0131387685 9780131387683 "
}



@article{optim,
  author = {Ryoo and Rodrigues and Baghsorkhi and Stone and Kirk and Hwu},
  title = {Optimization principles and application performance evaluation of a multithreaded GPU using CUDA},
  year = {2008},
  publisher = {PPoPP '08 Proceedings of the 13th ACM SIGPLAN Symposium on Principles and practice of parallel programming }
}

@misc{denovor,
  author = {S. V. Adve and V. S. Adve and Choi and Komuravelli and Sung and Smolinski and Honarmand and Carter and Chou},
  title = {DeNovo: Rethinking the Memory Hierarchy for Disciplined Parallelism},
  year = {2011},
  howpublished = {International Conference on Parallel Architectures and Compilation Techniques  }
}


@article{lamp,
  author = {Leslie Lamport},
  title = {How to Make a Multiprocessor Computer That Correctly Executes Multiprocess Programs},
  year = {1979},
  publisher = { IEEE Transactions on Computers   }
}


















































