@book{ kopka00latex1,
  author = "Helmut Kopka",
  title = "{LATEX, Band 1 -- Einf{\"u}hrung}",
  publisher = "Addison-Wesley",
  address = "München",
  year = {2000},
  edition = {3., überarbeitete Auflage},
  isbn = {3-8273-1557-3}
}
